% ------------------------------------------- %
% begin: REFERÊNCIAS artigos e livros Biologia:
% ------------------------------------------- %
% LIVROS
% ------------------------------------------- %
@book{2017:Tortora,
 author   = {Tortora, Gerard J. and Funke, Berdell R. and Case, Christine L.},
 title    = {Microbiologia},
 publisher= {ArtMed},
 year     = {2017}
}

@book{2017:Murray,
 author   = {Murray, Patrick R. and Rosenthal, Ken S. and Pfaller, Michael A.},
 title    = {Microbiologia Médica},
 publisher= {Elsevier},
 year     = {2017}
}

@book{2008:Trabulsi,
 author   = {Trabulsi, Luiz R. and Alterthum, Flávio},
 title    = {Microbiologia},
 publisher= {Etheneu},
 year     = {2008}
}

@book{2010:Shaechter,
 author   = {Shaechter, Moselio and Ingrham, John L. and Neidhardt, Frederick C.},
 title    = {Micróbio: Uma Visão Geral},
 publisher= {Artmed},
 year     = {2010}
}

@book{2005:Pelczar,
 author   = {Pelczar, Michael J. Jr and Chan, E. C. S. and Krieg, Noel R.},
 title    = {Microbiologia: Conceitos e Aplicações},
 publisher= {Pearson Makron Books},
 year     = {2005}
}

@book{2019:Vermelho,
 author   = {Vermelho, Alane B. and Pereira, Antônio F. and Coelho, Rosalie R. R. and Souto-Padron, Thais},
 title    = {Práticas de Microbiologia},
 publisher= {Guanabara},
 year     = {2019}
}

@book{2008:Harvey,
 author   = {Harvey, Ricahrd A. and Champe, Pamela C. and Fisher, Bruce D.},
 title    = {Microbiologia Ilustrada},
 publisher= {Artmed},
 year     = {2008}
}

@book{2016:Madigan,
 author   = {Madigan, Michael T. and Martinko, John M. and Bender, Kelly S. and Buckley, Daniel H. and Stahl, David A.},
 title    = {Microbiologia de Brock},
 publisher= {Artmed},
 year     = {2016}
}

@book{2002:Black,
 author   = {Black, Jacquelyn G.},
 title    = {Microbiologia: Fundamentos e Perspectivas},
 publisher= {Guanabara Koogan},
 year     = {2002}
}

@Misc{2019:drfungus,
 author   = {MSGERC DoctorFungus},
 title    = {Doctor Fungus},
 note     = {Último acesso em 06/11/2019},
 howpublished= {\url{https://https://drfungus.org/}},
 year     = {2019}
}

@Misc{2019:micro,
 author   = {MicrobiologySociety},
 title    = {Microbiology Online},
 note     = {Último acesso em 21/11/2019},
 howpublished= {\url{https://microbiologyonline.org/about-microbiology/introducing-microbes/fungi}},
 year     = {2019}
}
% ------------------------------------------- %
% Artigos
% ------------------------------------------- %
@ARTICLE{2016:Hibbett, 
    author = {Hibbett, David and Kessy Abarenkov and Urmas Kõljalg, Maarja Öpik and Benli Chai and James Cole and Qiong Wang and Pedro Crous and Vincent Robert and Thorunn Helgason and
    Joshua R. Herr and Paul Kirk and Shiloh Lueschow and Kerry O’Donnell and R. Henrik Nilsson and Ryoko Oono and Conrad Schoch and Christopher Smyth and Donald M. Walker and
    Andrea Porras-Alfaro and John W. Taylor and David M. Geiser}, 
    journal = {Mycologia}, 
    title = {Sequence-based classification and identification of Fungi}, 
    year = {2016}, 
    volume = {108}, 
    number = {6}, 
    pages = {1049-1068}, 
    doi = {}, 
    ISSN = {},
}

@article{2008:Lumbsch,
    title = {Phylogeography and Biogeography of Fungi},
    journal = {Mycological Research},
    volume = {112},
    number = {4},
    pages = {423 - 424},
    year = {2008},
    note = {Phylogeography and Biogeography of Fungi},
    issn = {0953-7562},
    doi = {https://doi.org/10.1016/j.mycres.2008.02.002},
    url = {http://www.sciencedirect.com/science/article/pii/S0953756208000518},
    author = {Lumbsch, H. Thorsten and Buchanan, Peter K. and May, Tom W. and Mueller, Gregory M.},
}

@article{2018:Blackwell,
    title = {Lives within lives: Hidden fungal biodiversity and the importance of conservation},
    journal = {Fungal Ecology},
    volume = {5},
    pages = {127 - 134},
    year = {2018},
    issn = {1754-5048},
    doi = {https://doi.org/10.1016/j.funeco.2018.05.011},
    url = {http://www.sciencedirect.com/science/article/pii/S1754504818301107},
    author = {Blackwell, Meredith and Vega, Fernando E.},
}

@article{2008:Peay,
    author = {Peay, Kabir G. and Kennedy, Peter G. and Bruns, Thomas D.},
    title = {Fungal Community Ecology: A Hybrid Beast with a Molecular Master},
    journal = {BioScience},
    volume = {58},
    number = {9},
    pages = {799-810},
    year = {2008},
    month = {10},
    issn = {0006-3568},
    doi = {10.1641/B580907},
    url = {https://doi.org/10.1641/B580907},
    eprint = {http://oup.prod.sis.lan/bioscience/article-pdf/58/9/799/26888344/58-9-799.pdf}
}

@article{2018:Ferreira,
    author = {Ferreira, Maria das Graças R. and Costa, Caroline Jácome and Pinheiro, Cláudio Urbano Bittencourt and Souza, Eli Regina Barboza de and Carvalho, Cecília Oliveira de},
    title = {Mauritia flexuosa Buriti},
    journal = {Embrapa Cocais},
    volume = {},
    number = {},
    pages = {},
    year = {2018},
    month = {08},
    url = {https://www.embrapa.br/busca-de-publicacoes/-/publicacao/1103403/mauritia-flexuosa-buriti},
    eprint = {https://ainfo.cnptia.embrapa.br/digital/bitstream/item/190231/1/cap-buriti.pdf},
}

@Misc{FSF:GNU-GPL,
 author   = {Free Software Foundation},
 title    = {GNU general public license},
 note     = {Último acesso em 30/1/2010},
 howpublished= {\url{http://www.gnu.org/copyleft/gpl.html}},
}

@Misc{babcu:babcu,
 author   = {Horto Botanico},
 title    = {Attalea speciosa},
 year     = {2019},
 note     = {Último acesso em 18/9/2019},
 howpublished= {\url{http://museunacional.ufrj.br/hortobotanico/Palmeiras/attaleaspeciosa.html}},
}

% ------------------------------------------- %
% end: REFERÊNCIAS artigos e livros Biologia:
% ------------------------------------------- %


% ------------------------------------------- %
% begin: REFERÊNCIAS CIENCIA DA COMPUTACAO:
% ------------------------------------------- %

@article{2009:Camilo,
 author = {Camilo, Cassio Oliveira and Silva, Joao Carlos da},
 title = {Mineração de Dados: Conceitos, Tarefas, Métodos e Ferramentas},
 journal = {Relatorio Tecnico},
 issue_date = {August 2009},
 volume = {},
 number = {},
 month = aug,
 year = {2009},
 publisher = {UFG, Instituto de Informática},
 keywords = {Mineração de Dados, Tarefas, Métodos, Ferramentas}
}

@article{1996:Fayyad,
    author = {Fayyad, Usama and Piatetsky-Shapiro, Gregory and Smyth, Padhraic},
    title = {From Data Mining to Knowledge Discovery in Databases},
    journal = {American Association for Artificial Intelligence},
    year = {1996},
    volume = {17},
    pages = {37-54}
}

@article{1996:Silberschatz,
    author = {Silberschatz, Avi and Tuzhilin, Alexander},
    title = {What Makes Patterns Interesting in Knowledge Discovery Systems},
    journal = {},
    year = {1996},
    volume = {},
    pages = {}
}

@article{2008:Calil,
    author = {Calil, Leonardo A. de Almeida and Carvalho, Deborah R. and Santos, Celso B. dos and Vaz, Maria S. M. Gomes},
    title = {Mineração de Dados e Pós-Processamento em Padrões Descobertos},
    journal = {},
    year = {2008},
    volume = {},
    pages = {}
}

@article{2007:Omran,
 author = {Omran, Mahamed G. H. and Engelbrecht, Andries P. and Salman, Ayed},
 title = {An Overview of Clustering Methods},
 journal = {Intell. Data Anal.},
 issue_date = {December 2007},
 volume = {11},
 number = {6},
 month = dec,
 year = {2007},
 issn = {1088-467X},
 pages = {583--605},
 numpages = {23},
 url = {http://dl.acm.org/citation.cfm?id=1368018.1368020},
 acmid = {1368020},
 publisher = {IOS Press},
 address = {Amsterdam, The Netherlands, The Netherlands},
 keywords = {Clustering, clustering validation, fuzzy clustering, hard clustering, unsupervised learning},
}

@book{2008:Olson,
author={Olson, David L. and Delen, Dursun}, 
title = {Advanced Data Mining Techniques},
publisher ={Springer},
year={2008}
}

@book{2010:Maimon,
 author = {Maimon, Oded and Rokach, Lior},
 title = {Data Mining and Knowledge Discovery Handbook},
 year = {2010},
 isbn = {0387098224, 9780387098227},
 edition = {2nd},
 publisher = {Springer Publishing Company, Incorporated},
} 

@book{2000:Chapman,
author={Chapman, Pete and Clinton, Julian and Kerber, Randy and Khabaza, Thomas and Reinartz, Thomas and
Shearer, Colin and Wirth, Rüdiger}, 
title = {CRISP-DM 1.0},
publisher ={Consortium},
year={2000}
}

% livro BD biblioteca:
@book{2011:Navathe,
author={Navathe, Shamkant B. and Elmasri, Ramez}, 
title = {Sistemas de Banco de Dados},
publisher ={Pearson},
year={2011}
}

@book{2007:McCue,
author={McCue, Colleen}, 
title = {Data Mining and Predictive Analysis},
publisher ={Elsevier},
year={2007},
pages={49-51}
}

@article{2014:Shafique,
author = {Shafique, Umair and Qaiser, Haseeb},
title = {{A Comparative Study of Data Mining Process Models (KDD, CRISP-DM and SEMMA)}},
journal = {International Journal of Innovation and Scientific Research},
volume = {12},
year = {2014},
pages = {217--222},
issue = {1},
number = {1},
issn = {2028-9324},
url = {http://www.ijisr.issr-journals.org/abstract.php?article=IJISR-14-281-04},
abstract_html_url = {http://www.ijisr.issr-journals.org/abstract.php?article=IJISR-14-281-04},
pdf_url = {http://www.issr-journals.org/links/papers.php?journal=ijisr&application=pdf&article=IJISR-14-281-04},
document_type={Article},
source={www.issr-journals.org}
}

@book{2012:Han,
author={Han, Jiawei and Kamber, Micheline and Pei, Jian}, 
title = {Data Mining: Concepts and Techniques},
publisher ={Elsevier},
year={2012}
}

@book{1988:Jain,
 author = {Jain, Anil K. and Dubes, Richard C.},
 title = {Algorithms for Clustering Data},
 year = {1988},
 isbn = {0-13-022278-X},
 publisher = {Prentice-Hall, Inc.},
 address = {Upper Saddle River, NJ, USA},
}

@book{2013:chapman,
 author = {Aggarwal, Charu C. and Reddy, Chandan K.},
 title = {Data Clustering: Algorithms and Applications},
 year = {2013},
 isbn = {1466558210, 9781466558212},
 edition = {1st},
 publisher = {Chapman \& Hall/CRC},
} 

% ------------------------------------------- %
% end: REFERÊNCIAS CIENCIA DA COMPUTACAO;
% ------------------------------------------- %
@book{2010:Bussab,
author={Bussab, Wilton O. and Morettin, Pedro A.}, 
title = {Estatística Básica},
publisher ={Saraiva},
year={2010}
}

@book{2011:Bonafini,
author={Bonafini, Fernanda Cesar}, 
title = {Estatística Organizadora},
publisher ={Pearson},
year={2011}
}
% ------------------------------------------- %
% end: REFERÊNCIAS aos artigos lidos ate o momento:
% ------------------------------------------- %
