
% ------------------------------------------- %
% begin: REFERÊNCIAS artigos e livros Biologia:
% ------------------------------------------- %
@ARTICLE{2016:Hibbett, 
    author = {Hibbett, David and Kessy Abarenkov and Urmas Kõljalg, Maarja Öpik and Benli Chai and James Cole and Qiong Wang and Pedro Crous and Vincent Robert and Thorunn Helgason and
    Joshua R. Herr and Paul Kirk and Shiloh Lueschow and Kerry O’Donnell and R. Henrik Nilsson and Ryoko Oono and Conrad Schoch and Christopher Smyth and Donald M. Walker and
    Andrea Porras-Alfaro and John W. Taylor and David M. Geiser}, 
    journal = {Mycologia}, 
    title = {Sequence-based classification and identification of Fungi}, 
    year = {2016}, 
    volume = {108}, 
    number = {6}, 
    pages = {1049-1068}, 
    doi = {}, 
    ISSN = {},
}

@article{2008:Lumbsch,
    title = {Phylogeography and Biogeography of Fungi},
    journal = {Mycological Research},
    volume = {112},
    number = {4},
    pages = {423 - 424},
    year = {2008},
    note = {Phylogeography and Biogeography of Fungi},
    issn = {0953-7562},
    doi = {https://doi.org/10.1016/j.mycres.2008.02.002},
    url = {http://www.sciencedirect.com/science/article/pii/S0953756208000518},
    author = {Lumbsch, H. Thorsten and Buchanan, Peter K. and May, Tom W. and Mueller, Gregory M.},
}

@article{2018:Blackwell,
    title = {Lives within lives: Hidden fungal biodiversity and the importance of conservation},
    journal = {Fungal Ecology},
    volume = {5},
    pages = {127 - 134},
    year = {2018},
    issn = {1754-5048},
    doi = {https://doi.org/10.1016/j.funeco.2018.05.011},
    url = {http://www.sciencedirect.com/science/article/pii/S1754504818301107},
    author = {Blackwell, Meredith and Vega, Fernando E.},
}

@article{2008:Peay,
    author = {Peay, Kabir G. and Kennedy, Peter G. and Bruns, Thomas D.},
    title = {Fungal Community Ecology: A Hybrid Beast with a Molecular Master},
    journal = {BioScience},
    volume = {58},
    number = {9},
    pages = {799-810},
    year = {2008},
    month = {10},
    issn = {0006-3568},
    doi = {10.1641/B580907},
    url = {https://doi.org/10.1641/B580907},
    eprint = {http://oup.prod.sis.lan/bioscience/article-pdf/58/9/799/26888344/58-9-799.pdf}
}

@article{2018:Ferreira,
    author = {Ferreira, Maria das Graças R. and Costa, Caroline Jácome and Pinheiro, Cláudio Urbano Bittencourt and Souza, Eli Regina Barboza de and Carvalho, Cecília Oliveira de},
    title = {Mauritia flexuosa Buriti},
    journal = {Embrapa Cocais},
    volume = {},
    number = {},
    pages = {},
    year = {2018},
    month = {08},
    url = {https://www.embrapa.br/busca-de-publicacoes/-/publicacao/1103403/mauritia-flexuosa-buriti},
    eprint = {https://ainfo.cnptia.embrapa.br/digital/bitstream/item/190231/1/cap-buriti.pdf},
}

@Misc{FSF:GNU-GPL,
 author   = {Free Software Foundation},
 title    = {GNU general public license},
 note     = {Último acesso em 30/1/2010},
 howpublished= {\url{http://www.gnu.org/copyleft/gpl.html}},
}

@Misc{babcu:babcu,
 author   = {Horto Botanico},
 title    = {Attalea speciosa},
 year     = {2019},
 note     = {Último acesso em 18/9/2019},
 howpublished= {\url{http://museunacional.ufrj.br/hortobotanico/Palmeiras/attaleaspeciosa.html}},
}

% ------------------------------------------- %
% end: REFERÊNCIAS artigos e livros Biologia:
% ------------------------------------------- %


% ------------------------------------------- %
% begin: REFERÊNCIAS CIENCIA DA COMPUTACAO:
% ------------------------------------------- %

@article{2009:Camilo,
 author = {Camilo, Cassio Oliveira and Silva, Joao Carlos da},
 title = {Mineração de Dados: Conceitos, Tarefas, Métodos e Ferramentas},
 journal = {Relatorio Tecnico},
 issue_date = {August 2009},
 volume = {},
 number = {},
 month = aug,
 year = {2009},
 publisher = {UFG, Instituto de Informática},
 keywords = {Mineração de Dados, Tarefas, Métodos, Ferramentas}
}

@article{1996:Fayyad,
    author = {Fayyad, Usama and Piatetsky-Shapiro, Gregory and Smyth, Padhraic},
    title = {From Data Mining to Knowledge Discovery in Databases},
    journal = {American Association for Artificial Intelligence},
    year = {1996},
    volume = {17},
    pages = {37-54}
}

@book{2008:Olson,
author={Olson, David L. and Delen, Dursun}, 
title = {Advanced Data Mining Techniques},
publisher ={Springer},
year={2008}
}

@book{2000:Chapman,
author={Chapman, Pete and Clinton, Julian and Kerber, Randy and Khabaza, Thomas and Reinartz, Thomas and
Shearer, Colin and Wirth, Rüdiger}, 
title = {CRISP-DM 1.0},
publisher ={Consortium},
year={2000}
}

% livro BD biblioteca:
@book{2011:Navathe,
author={Navathe, Shamkant B. and Elmasri, Ramez}, 
title = {Sistemas de Banco de Dados},
publisher ={Pearson},
year={2011}
}

@book{2007:McCue,
author={McCue, Colleen}, 
title = {Data Mining and
Predictive Analysis},
publisher ={Elsevier},
year={2007},
pages={49-51}
}

@article{2014:Shafique,
author = {Shafique, Umair and Qaiser, Haseeb},
title = {{A Comparative Study of Data Mining Process Models (KDD, CRISP-DM and SEMMA)}},
journal = {International Journal of Innovation and Scientific Research},
volume = {12},
year = {2014},
pages = {217--222},
issue = {1},
number = {1},
issn = {2028-9324},
url = {http://www.ijisr.issr-journals.org/abstract.php?article=IJISR-14-281-04},
abstract_html_url = {http://www.ijisr.issr-journals.org/abstract.php?article=IJISR-14-281-04},
pdf_url = {http://www.issr-journals.org/links/papers.php?journal=ijisr&application=pdf&article=IJISR-14-281-04},
document_type={Article},
source={www.issr-journals.org}
}

% ------------------------------------------- %
% end: REFERÊNCIAS CIENCIA DA COMPUTACAO;
% ------------------------------------------- %
% ------------------------------------------- %
% end: REFERÊNCIAS aos artigos lidos ate o momento:
% ------------------------------------------- %
